<collection xmlns="http://www.loc.gov/MARC21/slim">
   <record>
      <leader>02474cam a2200445 i 45 0</leader>
      <controlfield tag="001">6789518</controlfield>
      <controlfield tag="005">20150103115759.0</controlfield>
      <controlfield tag="008">140926s2015    nyua     b    001 0deng  </controlfield>
      <datafield ind1=" " ind2=" " tag="010">
         <subfield code="a">  2014033589</subfield>
      </datafield>
      <datafield ind1=" " ind2=" " tag="020">
         <subfield code="a">9780071833257 (alk. paper)</subfield>
      </datafield>
      <datafield ind1=" " ind2=" " tag="020">
         <subfield code="a">0071833250 (alk. paper)</subfield>
      </datafield>
      <datafield ind1=" " ind2=" " tag="020">
         <subfield code="z">9780071833264 (e-ISBN)</subfield>
      </datafield>
      <datafield ind1=" " ind2=" " tag="020">
         <subfield code="z">0071833269 (e-ISBN)</subfield>
      </datafield>
      <datafield ind1=" " ind2=" " tag="040">
         <subfield code="a">DNLM</subfield>
         <subfield code="b">eng</subfield>
         <subfield code="e">rda</subfield>
         <subfield code="c">DNLM</subfield>
         <subfield code="d">AEMH</subfield>
      </datafield>
      <datafield ind1="0" ind2="9" tag="041">
         <subfield code="a">eng</subfield>
      </datafield>
      <datafield ind1=" " ind2=" " tag="042">
         <subfield code="a">pcc</subfield>
      </datafield>
      <datafield ind1=" " ind2=" " tag="044">
         <subfield code="9">United States</subfield>
      </datafield>
      <datafield ind1="0" ind2="0" tag="060">
         <subfield code="a">2014 N-446</subfield>
      </datafield>
      <datafield ind1="1" ind2="0" tag="060">
         <subfield code="a">WX 158.5</subfield>
      </datafield>
      <datafield ind1=" " ind2=" " tag="090">
         <subfield code="a">WX 158.5 M552 2015</subfield>
         <subfield code="b">AEMH</subfield>
      </datafield>
      <datafield ind1="1" ind2=" " tag="100">
         <subfield code="a">Merlino, James,</subfield>
         <subfield code="e">author.</subfield>
         <subfield code="0">http://id.loc.gov/authorities/names/n2014188947</subfield>
         <subfield code="0">http://viaf.org/viaf/712144928077354340090</subfield>
      </datafield>
      <datafield ind1="1" ind2="0" tag="245">
         <subfield code="a">Service fanatics :</subfield>
         <subfield code="b">how to build superior patient experience the Cleveland Clinic way /</subfield>
         <subfield code="c">James Merlino.</subfield>
      </datafield>
      <datafield ind1=" " ind2="1" tag="264">
         <subfield code="a">New York :</subfield>
         <subfield code="b">McGraw-Hill,</subfield>
         <subfield code="c">[2015]</subfield>
      </datafield>
      <datafield ind1=" " ind2=" " tag="300">
         <subfield code="a">xxvi, 260 pages :</subfield>
         <subfield code="b">illustrations</subfield>
      </datafield>
      <datafield ind1=" " ind2=" " tag="336">
         <subfield code="a">text</subfield>
         <subfield code="2">rdacontent</subfield>
         <subfield code="0">http://id.loc.gov/vocabulary/contentTypes/txt</subfield>
      </datafield>
      <datafield ind1=" " ind2=" " tag="337">
         <subfield code="a">unmediated</subfield>
         <subfield code="2">rdamedia</subfield>
         <subfield code="0">http://id.loc.gov/vocabulary/mediaTypes/n</subfield>
      </datafield>
      <datafield ind1=" " ind2=" " tag="338">
         <subfield code="a">volume</subfield>
         <subfield code="2">rdacarrier</subfield>
         <subfield code="0">http://id.loc.gov/vocabulary/carriers/nc</subfield>
      </datafield>
      <datafield ind1=" " ind2=" " tag="504">
         <subfield code="a">Includes bibliographical references and index.</subfield>
      </datafield>
      <datafield ind1="0" ind2=" " tag="505">
         <subfield code="a">Transformed by the patient experience -- Patients first as true north -- Leading for change -- Defining patient experience and strategy -- Culture is critical -- Cultural alignment : the Cleveland Clinic experience -- Physician involvement is vital -- Want to know what patients think? Ask! -- Execution is everything -- Healthcare requires service excellence -- Doctors need to communicate better -- Creating partnerships with patients -- Getting it done has defined our success.</subfield>
      </datafield>
      <datafield ind1="2" ind2="2" tag="610">
         <subfield code="a">Cleveland Clinic Foundation.</subfield>
      </datafield>
      <datafield ind1="1" ind2="2" tag="650">
         <subfield code="a">Patient Satisfaction</subfield>
         <subfield code="0">http://id.nlm.nih.gov/mesh/D017060</subfield>
      </datafield>
      <datafield ind1="1" ind2="2" tag="650">
         <subfield code="a">Hospitals</subfield>
         <subfield code="0">http://id.nlm.nih.gov/mesh/D006761</subfield>
      </datafield>
      <datafield ind1="2" ind2="2" tag="650">
         <subfield code="a">Quality of Health Care</subfield>
         <subfield code="0">http://id.nlm.nih.gov/mesh/D011787</subfield>
      </datafield>
      <datafield ind1="2" ind2="2" tag="650">
         <subfield code="a">Physician-Patient Relations</subfield>
         <subfield code="0">http://id.nlm.nih.gov/mesh/D010817</subfield>
      </datafield>
      <datafield ind1="2" ind2="2" tag="650">
         <subfield code="a">Organizational Case Studies</subfield>
         <subfield code="0">http://id.nlm.nih.gov/mesh/D019982</subfield>
      </datafield>
      <datafield ind1=" " ind2="2" tag="655">
         <subfield code="a">Personal Narratives</subfield>
         <subfield code="0">http://id.nlm.nih.gov/mesh/D062210</subfield>
      </datafield>
      <datafield ind1=" " ind2=" " tag="596">
         <subfield code="a">18</subfield>
      </datafield>
      <datafield ind1=" " ind2=" " tag="758">
         <subfield code="0">http://worldcat.org/entity/work/id/147844486</subfield>
      </datafield>
      <datafield ind1="0" ind2=" " tag="787">
         <subfield code="n">OCLC Work Id</subfield>
         <subfield code="o">http://worldcat.org/entity/work/id/147844486</subfield>
      </datafield>
      <datafield ind1=" " ind2=" " tag="926">
         <subfield code="a">WX 158.5 M552 2015</subfield>
         <subfield code="w">AUTO</subfield>
         <subfield code="c">1</subfield>
         <subfield code="i">0163730123235</subfield>
         <subfield code="d">4/3/2017</subfield>
         <subfield code="e">4/3/2017</subfield>
         <subfield code="f">11/4/2015</subfield>
         <subfield code="g">1</subfield>
         <subfield code="k">CHECKEDOUT</subfield>
         <subfield code="l">ON_SHELF</subfield>
         <subfield code="m">COVENANTMH</subfield>
         <subfield code="n">5</subfield>
         <subfield code="p">$150.00</subfield>
         <subfield code="r">M</subfield>
         <subfield code="s">Y</subfield>
         <subfield code="t">BOOK</subfield>
         <subfield code="u">1/27/2015</subfield>
      </datafield>
   </record>
</collection>
